<?xml version="1.0" encoding="UTF-8"?><collection xmlns="http://www.loc.gov/MARC21/slim"><record><leader>00554nam--2200181-u-4500</leader><controlfield tag="001">000055482</controlfield><controlfield tag="002">20161230</controlfield><controlfield tag="005">20161230201052</controlfield><controlfield tag="008">130214s1000------------r-----000-0-eng-d</controlfield><datafield ind1=" " ind2=" " tag="040"><subfield code="a">IFIN-HH</subfield></datafield><datafield ind1=" " ind2=" " tag="080"><subfield code="a">535.33:8</subfield></datafield><datafield ind1="1" ind2=" " tag="100"><subfield code="a">Moritz, Heinrich</subfield></datafield><datafield ind1="1" ind2="0" tag="245"><subfield code="a">Tehnical dictionary of spectral analysis</subfield><subfield code="b">English, french, german, russian with a supplement in spanish</subfield><subfield code="c">Heinrich moritz, tibor torok (eds.)</subfield></datafield><datafield ind1=" " ind2=" " tag="260"><subfield code="a">Oxford</subfield><subfield code="b">Pergamon Press</subfield><subfield code="c">1971</subfield></datafield><datafield ind1=" " ind2=" " tag="300"><subfield code="a">188P</subfield></datafield><datafield ind1="1" ind2=" " tag="700"><subfield code="a">T©œr©œk, Tibor</subfield><subfield code="e">Ed</subfield></datafield><datafield ind1=" " ind2=" " tag="852"><subfield code="a">D.470</subfield><subfield code="c">SLF</subfield></datafield><datafield ind1=" " ind2=" " tag="CAT"><subfield code="a">Sys</subfield><subfield code="c">20130214</subfield><subfield code="h">105704</subfield></datafield></record></collection>